[gd_scene load_steps=3 format=2]

[ext_resource path="res://Scenes and Scripts/Brick.tscn" type="PackedScene" id=1]
[ext_resource path="res://Scenes and Scripts/BaseLevel.tscn" type="PackedScene" id=2]

[node name="BaseLevel" instance=ExtResource( 2 )]

[node name="Brick" parent="." index="6" instance=ExtResource( 1 )]
modulate = Color( 0.101961, 0.505882, 0.298039, 1 )
position = Vector2( 60.9209, 422.82 )

[node name="Brick2" parent="." index="7" instance=ExtResource( 1 )]
modulate = Color( 0.101961, 0.505882, 0.298039, 1 )
position = Vector2( 150.921, 422.82 )

[node name="Brick3" parent="." index="8" instance=ExtResource( 1 )]
modulate = Color( 0.101961, 0.505882, 0.298039, 1 )
position = Vector2( 240.921, 422.82 )

[node name="Brick4" parent="." index="9" instance=ExtResource( 1 )]
modulate = Color( 0.101961, 0.505882, 0.298039, 1 )
position = Vector2( 330.921, 422.82 )

[node name="Brick5" parent="." index="10" instance=ExtResource( 1 )]
modulate = Color( 0.101961, 0.505882, 0.298039, 1 )
position = Vector2( 420.921, 422.82 )

[node name="Brick6" parent="." index="11" instance=ExtResource( 1 )]
modulate = Color( 0.101961, 0.505882, 0.298039, 1 )
position = Vector2( 510.921, 422.82 )

[node name="Brick7" parent="." index="12" instance=ExtResource( 1 )]
modulate = Color( 0.101961, 0.505882, 0.298039, 1 )
position = Vector2( 600.921, 422.82 )

[node name="Brick8" parent="." index="13" instance=ExtResource( 1 )]
modulate = Color( 0.101961, 0.505882, 0.298039, 1 )
position = Vector2( 690.921, 422.82 )

[node name="Brick9" parent="." index="14" instance=ExtResource( 1 )]
modulate = Color( 0.101961, 0.505882, 0.298039, 1 )
position = Vector2( 780.921, 422.82 )

[node name="Brick10" parent="." index="15" instance=ExtResource( 1 )]
modulate = Color( 0.101961, 0.505882, 0.298039, 1 )
position = Vector2( 780.921, 422.82 )

[node name="Brick11" parent="." index="16" instance=ExtResource( 1 )]
modulate = Color( 0.101961, 0.505882, 0.298039, 1 )
position = Vector2( 870.921, 422.82 )

[node name="Brick12" parent="." index="17" instance=ExtResource( 1 )]
modulate = Color( 0.101961, 0.505882, 0.298039, 1 )
position = Vector2( 960.921, 422.82 )

[node name="Brick13" parent="." index="18" instance=ExtResource( 1 )]
modulate = Color( 0.101961, 0.505882, 0.298039, 1 )
position = Vector2( 60.9209, 382.82 )

[node name="Brick14" parent="." index="19" instance=ExtResource( 1 )]
modulate = Color( 0.101961, 0.505882, 0.298039, 1 )
position = Vector2( 150.921, 382.82 )

[node name="Brick15" parent="." index="20" instance=ExtResource( 1 )]
modulate = Color( 0.101961, 0.505882, 0.298039, 1 )
position = Vector2( 240.921, 382.82 )

[node name="Brick16" parent="." index="21" instance=ExtResource( 1 )]
modulate = Color( 0.101961, 0.505882, 0.298039, 1 )
position = Vector2( 330.921, 382.82 )

[node name="Brick17" parent="." index="22" instance=ExtResource( 1 )]
modulate = Color( 0.101961, 0.505882, 0.298039, 1 )
position = Vector2( 420.921, 382.82 )

[node name="Brick18" parent="." index="23" instance=ExtResource( 1 )]
modulate = Color( 0.101961, 0.505882, 0.298039, 1 )
position = Vector2( 510.921, 382.82 )

[node name="Brick19" parent="." index="24" instance=ExtResource( 1 )]
modulate = Color( 0.101961, 0.505882, 0.298039, 1 )
position = Vector2( 600.921, 382.82 )

[node name="Brick25" parent="." index="25" instance=ExtResource( 1 )]
position = Vector2( 330.921, 342.82 )

[node name="Brick26" parent="." index="26" instance=ExtResource( 1 )]
position = Vector2( 420.921, 342.82 )

[node name="Brick27" parent="." index="27" instance=ExtResource( 1 )]
modulate = Color( 0.564706, 0.392157, 0.054902, 1 )
position = Vector2( 510.921, 342.82 )

[node name="Brick28" parent="." index="28" instance=ExtResource( 1 )]
position = Vector2( 600.921, 342.82 )

[node name="Brick29" parent="." index="29" instance=ExtResource( 1 )]
position = Vector2( 330.921, 302.82 )

[node name="Brick30" parent="." index="30" instance=ExtResource( 1 )]
position = Vector2( 420.921, 302.82 )

[node name="Brick31" parent="." index="31" instance=ExtResource( 1 )]
modulate = Color( 0.564706, 0.392157, 0.054902, 1 )
position = Vector2( 510.921, 302.82 )

[node name="Brick32" parent="." index="32" instance=ExtResource( 1 )]
position = Vector2( 600.921, 302.82 )

[node name="Brick33" parent="." index="33" instance=ExtResource( 1 )]
position = Vector2( 330.921, 262.82 )

[node name="Brick34" parent="." index="34" instance=ExtResource( 1 )]
position = Vector2( 420.921, 262.82 )

[node name="Brick35" parent="." index="35" instance=ExtResource( 1 )]
position = Vector2( 510.921, 262.82 )

[node name="Brick36" parent="." index="36" instance=ExtResource( 1 )]
position = Vector2( 600.921, 262.82 )

[node name="Brick37" parent="." index="37" instance=ExtResource( 1 )]
position = Vector2( 330.921, 222.82 )

[node name="Brick38" parent="." index="38" instance=ExtResource( 1 )]
position = Vector2( 420.921, 222.82 )

[node name="Brick39" parent="." index="39" instance=ExtResource( 1 )]
position = Vector2( 510.921, 222.82 )

[node name="Brick40" parent="." index="40" instance=ExtResource( 1 )]
position = Vector2( 600.921, 222.82 )

[node name="Brick41" parent="." index="41" instance=ExtResource( 1 )]
position = Vector2( 330.921, 182.82 )

[node name="Brick45" parent="." index="42" instance=ExtResource( 1 )]
modulate = Color( 1, 0, 0, 1 )
position = Vector2( 290.921, 166.82 )
rotation = -0.785397

[node name="Brick46" parent="." index="43" instance=ExtResource( 1 )]
modulate = Color( 1, 0, 0, 1 )
position = Vector2( 354.921, 102.82 )
rotation = -0.785397

[node name="Brick47" parent="." index="44" instance=ExtResource( 1 )]
modulate = Color( 1, 0, 0, 1 )
position = Vector2( 418.921, 38.8203 )
rotation = -0.785397

[node name="Brick48" parent="." index="45" instance=ExtResource( 1 )]
modulate = Color( 1, 0, 0, 1 )
position = Vector2( 638.921, 168.82 )
rotation = 0.785398

[node name="Brick49" parent="." index="46" instance=ExtResource( 1 )]
modulate = Color( 1, 0, 0, 1 )
position = Vector2( 574.921, 104.82 )
rotation = 0.785398

[node name="Brick50" parent="." index="47" instance=ExtResource( 1 )]
modulate = Color( 1, 0, 0, 1 )
position = Vector2( 510.921, 40.8203 )
rotation = 0.785398

[node name="Brick51" parent="." index="48" instance=ExtResource( 1 )]
modulate = Color( 1, 0, 0, 1 )
position = Vector2( 462.472, 15.0243 )

[node name="Brick42" parent="." index="49" instance=ExtResource( 1 )]
position = Vector2( 420.921, 182.82 )

[node name="Brick43" parent="." index="50" instance=ExtResource( 1 )]
position = Vector2( 510.921, 182.82 )

[node name="Brick55" parent="." index="51" instance=ExtResource( 1 )]
modulate = Color( 1, 0, 0, 1 )
position = Vector2( 420.921, 102.82 )

[node name="Brick56" parent="." index="52" instance=ExtResource( 1 )]
modulate = Color( 1, 0, 0, 1 )
position = Vector2( 510.921, 102.82 )

[node name="Brick44" parent="." index="53" instance=ExtResource( 1 )]
position = Vector2( 600.921, 182.82 )

[node name="Brick52" parent="." index="54" instance=ExtResource( 1 )]
modulate = Color( 1, 0, 0, 1 )
position = Vector2( 372.921, 142.82 )

[node name="Brick53" parent="." index="55" instance=ExtResource( 1 )]
modulate = Color( 1, 0, 0, 1 )
position = Vector2( 462.921, 142.82 )

[node name="Brick57" parent="." index="56" instance=ExtResource( 1 )]
modulate = Color( 1, 0, 0, 1 )
position = Vector2( 462.921, 62.8203 )

[node name="Brick54" parent="." index="57" instance=ExtResource( 1 )]
modulate = Color( 1, 0, 0, 1 )
position = Vector2( 552.921, 142.82 )

[node name="Brick20" parent="." index="58" instance=ExtResource( 1 )]
modulate = Color( 0.101961, 0.505882, 0.298039, 1 )
position = Vector2( 690.921, 382.82 )

[node name="Brick21" parent="." index="59" instance=ExtResource( 1 )]
modulate = Color( 0.101961, 0.505882, 0.298039, 1 )
position = Vector2( 780.921, 382.82 )

[node name="Brick22" parent="." index="60" instance=ExtResource( 1 )]
modulate = Color( 0.101961, 0.505882, 0.298039, 1 )
position = Vector2( 780.921, 382.82 )

[node name="Brick23" parent="." index="61" instance=ExtResource( 1 )]
modulate = Color( 0.101961, 0.505882, 0.298039, 1 )
position = Vector2( 870.921, 382.82 )

[node name="Brick24" parent="." index="62" instance=ExtResource( 1 )]
modulate = Color( 0.101961, 0.505882, 0.298039, 1 )
position = Vector2( 960.921, 382.82 )
